@misc{typescript-example,
    author = {Microsoft},
    title = {Typescript Playground},
    year = {2018},
    note = {Nachgeschlagen am 25.09.2018},
    url = {https://www.typescriptlang.org/play/index.html}
}

@misc{typescript-survey,
  author = {Stackoverflow},
  title = {Most Loved, Dreaded, and Wanted Languages},
  year = {2017},
  url = {https://insights.stackoverflow.com/survey/2017#technology},
  note = {Nachgeschlagen am 05.10.2018}
}

@misc{webpack-einfuehrung,
  title = {Webpack – moderne Webentwicklung},
  author = {Marek Janča},
  url = {https://www.ackee.de/blog/webpack-moderne-webentwicklung},
  year = {2017},
  note = {Nachgeschlagen am 05.10.2018}
}

@misc{Webpack-basics,
  title = {Webpack Basics – Teil 1: Einstieg},
  author = {Daniel Mies},
  url = {https://blog.codecentric.de/2018/01/webpack-basics-teil-1-konzept},
  year = {2018},
  note = {Nachgeschlagen am 05.10.2018}
}

@misc{firebase,
  title = {Firebase -brand},
  author = {Firebase},
  url = {https://firebase.google.com/brand-guidelines/},
  year = {2018},
  note = {Nachgeschlagen am 08.10.2018}
}


@misc{tsconfig,
    author = {Microsoft},
    title = {Typescript Documentation},
    year = {2018},
    note = {Nachgeschlagen am 17.10.2018},
    url = {https://www.typescriptlang.org/docs/handbook/tsconfig-json.html}
}

@misc{asynchronitaet,
    author = {Laozi, Tao Te Ching},
    title = {Asynchronous Programming},
    year = {2018},
    note = {Nachgeschlagen am 29.10.2018},
    url = {https://eloquentjavascript.net/11_async.html}
}

@misc{versprechen,
    author = {Gokul, N K},
    title = {Understanding promises in Javascript},
    year = {2018},
    note = {Nachgeschlagen am 08.11.2018},
    url = {https://hackernoon.com/understanding-promises-in-javascript-13d99df067c1}
}

@misc{promise-executor,
    author = {MDSN Web Docs},
    title = {Promise},
    year = {2018},
    note = {Nachgeschlagen am 08.11.2018},
    url = {https://developer.mozilla.org/en-US/docs/Web/JavaScript/Reference/Global_Objects/Promise}
}


@misc{callback-vs-promises,
    author = {Jake Archibald},
    title = {JavaScript Promises: an Introduction},
    year = {2018},
    note = {Nachgeschlagen am 10.11.2018},
    url = {https://developers.google.com/web/fundamentals/primers/promises#promise-terminology}
}